@article{RansacPaper,
    author = {Fischler, Martin A. and Bolles, Robert C.},
    title = {Random Sample Consensus: A Paradigm for Model Fitting with Applications to Image Analysis and Automated Cartography},
    year = {1981},
    issue_date = {June 1981},
    publisher = {Association for Computing Machinery},
    address = {New York, NY, USA},
    volume = {24},
    number = {6},
    issn = {0001-0782},
    url = {https://doi.org/10.1145/358669.358692},
    doi = {10.1145/358669.358692},
    journal = {Commun. ACM},
    month = jun,
    pages = {381â€“395},
    numpages = {15},
    keywords = {model fitting, automated cartography, scene analysis, location determination, camera calibration, image matching}
}

@misc{RansacSlides,
    author = {Yawen Ma},
    title = {Local Analysis of Image Patches},
    note = {Lecture 4 for University of Toronto CSC320 Winter 2019},
    year = {2019},
    pages = {51-64}
}

@misc{NoisyCircleFindingProblem,
    author = {Yawen Ma},
    title = {2019 Fall Midterm},
    note = {Question 4 in University of Toronto CSC320 Fall 2019 Midterm},
    year = {2019},
    pages = {9}
}


@misc{RansacGitHub,
    author = {Bae Seong-hyun},
    title = {RANSAC-circle-python},
    note = {GitHub repository},
    month = jan,
    year = 2019,
    version = {1.0},
    publisher = {GitHub},
    journal = {GitHub repository},
    url = {https://github.com/SeongHyunBae/RANSAC-circle-python}
}

@misc{ProjectRepo,
    author = {Xiangyu Kong},
    title = {CSC320-Final-Project},
    note = {GitHub repository},
    month = mar,
    year = 2020,
    version = {1.0},
    publisher = {GitHub},
    journal = {GitHub repository},
    url = {https://github.com/Dxyk/CSC320-Final-Project}
}

@inproceedings{BaysacPaper,
    title={New Conditional Sampling Strategies for Speeded-Up RANSAC.},
    author={Botterill, Tom and Mills, Steven and Green, Richard D},
    booktitle={BMVC},
    pages={1--11},
    year={2009},
    organization={Citeseer}
}